@article{cardiacArrest,
author = {Šín, Robin and Vodehnalova, Ivana and Ralbovska, Denisa and Struncova, Denisa and Cechurova, Lenka},
year = {2020},
month = {01},
pages = {},
title = {Out-of-hospital cardiac arrest in the Pilsen Region in 2018},
volume = {165},
journal = {Biomedical Papers},
doi = {10.5507/bp.2019.064}
}
@misc{Canada_2022, title={Government of Canada}, url={https://www.canada.ca/en/public-health/services/publications/healthy-living/surveillance-report-falls-older-adults-canada.html#aref}, journal={Canada.ca}, publisher={/ Gouvernement du Canada}, author={Canada, Public Health Agency of}, year={2022}, month={Jun}} 
@article{de2018movement,
  title={A movement decomposition and machine learning-based fall detection system using wrist wearable device},
  author={de Quadros, Thiago and Lazzaretti, Andre Eugenio and Schneider, F{\'a}bio K{\"u}rt},
  journal={IEEE Sensors Journal},
  volume={18},
  number={12},
  pages={5082--5089},
  year={2018},
  publisher={IEEE}
}
@misc{materialDesign, title={MATERIAL DESIGN, L’UI SELON GOOGLE !
}, url={https://www.usabilis.com/material-design-lui-selon-google/}, publisher={Usabilis}, author={
Usabilis}, year={2018}, month={April}} 